<record><leader>00000cas a2200000 a 4500</leader><controlfield tag="001">28950942</controlfield><controlfield tag="007">hd afa009baca</controlfield><controlfield tag="007">hd bfa009baaa</controlfield><controlfield tag="007">hd bfa009baba</controlfield><controlfield tag="008">931007d18701871ilumr nea     0    0eng c</controlfield><datafield ind1=" " ind2=" " tag="010"><subfield code="a">   00221646 </subfield></datafield><datafield ind1=" " ind2=" " tag="040"><subfield code="a">VUT</subfield><subfield code="b">eng</subfield><subfield code="c">VUT</subfield><subfield code="d">ATL</subfield><subfield code="d">OCLCQ</subfield><subfield code="d">OCLCF</subfield><subfield code="d">OCLCO</subfield></datafield><datafield ind1="1" ind2=" " tag="029"><subfield code="a">AU@</subfield><subfield code="b">000021741105</subfield></datafield><datafield ind1=" " ind2=" " tag="042"><subfield code="a">pcc</subfield></datafield><datafield ind1=" " ind2=" " tag="043"><subfield code="a">n-us-il</subfield></datafield><datafield ind1="1" ind2="4" tag="050"><subfield code="a">BX8957</subfield></datafield><datafield ind1="2" ind2=" " tag="110"><subfield code="a">Presbyterian Church in the U.S.A.</subfield><subfield code="b">Synod of Southern Illinois.</subfield></datafield><datafield ind1="1" ind2="0" tag="245"><subfield code="a">Reporter of the Synod of Southern Illinois and its presbyteries</subfield><subfield code="h">[microform].</subfield></datafield><datafield ind1=" " ind2=" " tag="260"><subfield code="a">Alton, Ill. :</subfield><subfield code="b">The Synod,</subfield><subfield code="c">1870-1871.</subfield></datafield><datafield ind1=" " ind2=" " tag="300"><subfield code="a">1 v. :</subfield><subfield code="b">ill. ;</subfield><subfield code="c">22 cm.</subfield></datafield><datafield ind1=" " ind2=" " tag="310"><subfield code="a">Quarterly</subfield></datafield><datafield ind1="0" ind2=" " tag="362"><subfield code="a">Vol. 8, no. 5 (Dec. 1870)-v. 8, no. 7 (June 1871) = whole no. 161-whole no. 163.</subfield></datafield><datafield ind1=" " ind2=" " tag="533"><subfield code="a">Microfilm.</subfield><subfield code="m">v.8 (1870/1871)</subfield><subfield code="b">Evanston, Ill. :</subfield><subfield code="c">American Theological Library Association,</subfield><subfield code="d">1971.</subfield><subfield code="e">1 microfilm reel ; 35 mm.</subfield><subfield code="f">(ATLA serials preservation program ; ATLA film S0190C).</subfield><subfield code="n">Film includes some issues of: Presbytery reporter (Alton, Ill.).</subfield></datafield><datafield ind1=" " ind2="0" tag="651"><subfield code="a">Illinois</subfield><subfield code="x">Church history</subfield><subfield code="v">Newspapers.</subfield></datafield><datafield ind1="2" ind2="0" tag="610"><subfield code="a">Presbyterian Church in the U.S.A.</subfield><subfield code="v">Newspapers.</subfield></datafield><datafield ind1=" " ind2="0" tag="650"><subfield code="a">Presbyterians</subfield><subfield code="z">Illinois</subfield><subfield code="v">Newspapers.</subfield></datafield><datafield ind1=" " ind2="0" tag="651"><subfield code="a">Alton (Ill.)</subfield><subfield code="v">Newspapers.</subfield></datafield><datafield ind1=" " ind2="7" tag="655"><subfield code="a">Church history.</subfield><subfield code="2">fast</subfield><subfield code="0">(OCoLC)fst01411629</subfield></datafield><datafield ind1=" " ind2="7" tag="655"><subfield code="a">Newspapers.</subfield><subfield code="2">fast</subfield><subfield code="0">(OCoLC)fst01423814</subfield></datafield><datafield ind1="2" ind2="7" tag="610"><subfield code="a">Presbyterian Church in the U.S.A.</subfield><subfield code="2">fast</subfield><subfield code="0">(OCoLC)fst00549643</subfield></datafield><datafield ind1=" " ind2="7" tag="650"><subfield code="a">Presbyterians.</subfield><subfield code="2">fast</subfield><subfield code="0">(OCoLC)fst01075567</subfield></datafield><datafield ind1=" " ind2="7" tag="651"><subfield code="a">Illinois.</subfield><subfield code="2">fast</subfield><subfield code="0">(OCoLC)fst01205143</subfield></datafield><datafield ind1=" " ind2="7" tag="651"><subfield code="a">Illinois</subfield><subfield code="z">Alton.</subfield><subfield code="2">fast</subfield><subfield code="0">(OCoLC)fst01221436</subfield></datafield><datafield ind1="2" ind2=" " tag="710"><subfield code="a">Presbyterian Church in the U.S.A.</subfield><subfield code="b">Synod of Southern Illinois.</subfield></datafield><datafield ind1=" " ind2=" " tag="752"><subfield code="a">United States</subfield><subfield code="b">Illinois</subfield><subfield code="c">Madison</subfield><subfield code="d">Alton.</subfield></datafield><datafield ind1="1" ind2=" " tag="776"><subfield code="c">Original</subfield><subfield code="w">(DLC)sn 97066572</subfield><subfield code="w">(OCoLC)6363935</subfield></datafield><datafield ind1="0" ind2="0" tag="780"><subfield code="t">Presbytery reporter (Alton, Ill.)</subfield><subfield code="w">(DLC)   00221644</subfield><subfield code="w">(OCoLC)28951007</subfield></datafield><datafield ind1="0" ind2="1" tag="785"><subfield code="a">Presbyterian Church in the U.S.A. Synod of Southern Illinois.</subfield><subfield code="t">Minutes of Synod of Illinois South</subfield><subfield code="w">(OCoLC)18034997</subfield></datafield><datafield ind1=" " ind2="0" tag="830"><subfield code="a">ATLA serials preservation program ;</subfield><subfield code="v">ATLA film S0190C.</subfield></datafield></record>